@book{司守奎2011数学建模算法与应用,
  author={司守奎 and 孙玺菁},
  title={数学建模算法与应用},
  address={北京},
  publisher={国防工业出版社},
  year={2011},
}
@book{卓金武2011MATLAB,
  author={卓金武},
  title={MATLAB在数学建模中的应用},
  address={北京},
  publisher={北京航空航天大学出版社},
  year={2011},
}
@article{papineni2002bleu,
  title={BLEU: a method for automatic evaluation of machine translation},
  author={Papineni, Kishore and Roukos, Salim and Ward, Todd and Zhu, Wei-Jing},
  booktitle={Proceedings of the 40th annual meeting of the Association for Computational Linguistics},
  pages={311--318},
  year={2002},
}
@inproceedings{lin2004orange,
  title={ROUGE: A package for automatic evaluation of summaries},
  author={Lin, Chin-Yew and Och, Franz Josef},
  booktitle={Text summarization branches out},
  pages={74--81},
  year={2004},
}
@article{zhang2020bertscore,
  title={BERTScore: Evaluating text generation with BERT},
  author={Zhang, Tianyi and Kishore, Varsha and Wu, Felix and Weinberger, Kilian Q and Artzi, Yoav},
  journal={arXiv preprint arXiv:2004.04767},
  year={2020},
}
@inproceedings{rei2020comet,
  title={COMET: A neural framework for MT evaluation},
  author={Rei, Ricardo and Stewart, Craig and Farinha, Ana C and Lavie, Alon},
  booktitle={Proceedings of the 2020 Conference on Empirical Methods in Natural Language Processing (EMNLP)},
  pages={2685--2702},
  year={2020},
}
@article{fu2019translation,
  title={基于模糊综合评价的翻译质量评价体系研究},
  author={傅悦},
  journal={中国科技翻译},
  volume={32},
  number={1},
  pages={16--19},
  year={2019},
}
@article{liu2010comprehensive,
  title={机器翻译质量的综合评价方法研究},
  author={刘群 and 李向阳},
  journal={中文信息学报},
  volume={24},
  number={6},
  pages={26--31},
  year={2010},
}
@article{saaty1990how,
  title={How to make a decision: the analytic hierarchy process},
  author={Saaty, Thomas L},
  journal={European journal of operational research},
  volume={48},
  number={1},
  pages={9--26},
  year={1990},
}
@book{zadeh1996fuzzy,
  title={Fuzzy sets, fuzzy logic, and fuzzy systems: selected papers by Lotfi A. Zadeh},
  author={Zadeh, Lotfi A and Klir, George J and Yuan, Bo},
  year={1996},
  publisher={World Scientific},
}
@article{mikolov2013efficient,
  title={Efficient estimation of word representations in vector space},
  author={Mikolov, Tomas and Chen, Kai and Corrado, Greg and Dean, Jeffrey},
  journal={arXiv preprint arXiv:1301.3781},
  year={2013},
}
@article{vaswani2017attention,
  title={Attention is all you need},
  author={Vaswani, Ashish and Shazeer, Noam and Parmar, Niki and Uszkoreit, Jakob and Jones, Llion and Gomez, Aidan N and Kaiser, {\L}ukasz and Polosukhin, Illia},
  journal={Advances in neural information processing systems},
  volume={30},
  year={2017},
}