
@article{kabsch1976solution,
  title={A solution for the best rotation to relate two sets of vectors},
  author={Kabsch, Wolfgang},
  journal={Acta Crystallographica Section A: Crystal Physics, Diffraction, Theoretical and General Crystallography},
  volume={32},
  number={5},
  pages={922--923},
  year={1976},
  publisher={International Union of Crystallography}
}

@book{besl1992method,
  title={A method for registration of 3-D shapes},
  author={Besl, Paul J and McKay, Neil D},
  journal={IEEE Transactions on Pattern Analysis and Machine Intelligence},
  volume={14},
  number={2},
  pages={239--256},
  year={1992},
  publisher={IEEE}
}

@article{chen2015robust,
  title={Robust point matching via vector field consensus},
  author={Chen, Jihua and Ma, Jiayi and Yang, Chen and Tian, Jiankun},
  journal={IEEE Transactions on Image Processing},
  volume={23},
  number={4},
  pages={1706--1721},
  year={2015},
  publisher={IEEE}
}

@book{duda2012pattern,
  title={Pattern classification},
  author={Duda, Richard O and Hart, Peter E and Stork, David G},
  year={2012},
  publisher={John Wiley \& Sons}
}

@article{mardia1987procrustes,
  title={Procrustes methods in the statistical analysis of shape},
  author={Mardia, KV and Kent, JT},
  journal={Journal of the Royal Statistical Society: Series B (Methodological)},
  volume={49},
  number={3},
  pages={285--339},
  year={1987},
  publisher={Wiley Online Library}
}

@article{ma2014robust,
  title={Robust feature matching via progressive sparse spatial consensus},
  author={Ma, Jiayi and Zhao, Ji and Tian, Jinwen and Bai, Xiang and Tu, Zhuowen},
  journal={arXiv preprint arXiv:1412.4227},
  year={2014}
}

@article{zhang2020recent,
  title={Recent advances in point cloud registration: a survey on geometric and learning-based methods},
  author={Zhang, Jiahui and Yao, Yue and Yan, Bin},
  journal={Pattern Recognition},
  volume={107},
  pages={107584},
  year={2020},
  publisher={Elsevier}
}

@book{bishop2006pattern,
  title={Pattern recognition and machine learning},
  author={Bishop, Christopher M and Nasrabadi, Nasser M},
  volume={4},
  number={4},
  year={2006},
  publisher={Springer}
}

@inproceedings{arun1987least,
  title={Least-squares fitting of two 3-D point sets},
  author={Arun, K Somani and Huang, Thomas S and Blostein, Steven D},
  booktitle={IEEE Transactions on Pattern Analysis and Machine Intelligence},
  number={5},
  pages={698--700},
  year={1987},
  organization={IEEE}
}

@article{wang2019deep,
  title={Deep learning for feature extraction in remote sensing: A case-study of aerial scene classification},
  author={Wang, Qi and Liu, Shenglan and Chanussot, Jocelyn and Li, Xuelong},
  journal={IEEE Sensors Journal},
  volume={18},
  number={23},
  pages={9639--9650},
  year={2019},
  publisher={IEEE}
}